@article{buterin_on_gov,
	Author = {Buterin, Vitalik},
	Journal = {white paper},
	Title = {Notes on Blockchain Governance},
	Year = {2017}}

@article{bitcoin,
	Author = {Nakamoto, Satoshi},
	Title = {Bitcoin: A peer-to-peer electronic cash system},
	Year = {2008}}

@article{ethereum,
	Author = {Buterin, Vitalik and others},
	Journal = {white paper},
	Title = {A next-generation smart contract and decentralized application platform},
	Year = {2014}}

@misc{cryptoeprint:2018:435,
    author = {Bingsheng Zhang and Roman Oliynykov and Hamed Balogun},
    title = {A Treasury System for Cryptocurrencies: Enabling Better Collaborative Intelligence},
    howpublished = {Cryptology ePrint Archive, Report 2018/435},
    year = {2018},
    note = {\url{https://eprint.iacr.org/2018/435}},
}
